@INPROCEEDINGS{REALTIMEACH, 
author={Dantam, N. and Stilman, M.}, 
booktitle={Humanoid Robots (Humanoids), 2012 12th IEEE-RAS International Conference on}, 
title={Robust and efficient communication for real-time multi-process robot software}, 
year={2012}, 
month={Nov}, 
pages={316-322}, 
keywords={control engineering computing;humanoid robots;multiprocessing systems;public domain software;real-time systems;robot programming;Ach;IPC mechanism;complex robotic systems;efficient communication;head-of-line blocking problem;humanoid robot Golem Krang;humanoid robots;interprocess communication mechanism;library;open source permissive license;physical robotic systems;real-time multiprocess robot software;robust communication;source code;Arrays;Indexes;Process control;Real-time systems;Robots;Robustness;Software}, 
doi={10.1109/HUMANOIDS.2012.6651538}, 
ISSN={2164-0572},}

@ARTICLE{EMBEDDEDROS, 
author={Bouchier, P.}, 
journal={Robotics Automation Magazine, IEEE}, 
title={Embedded ROS [ROS Topics]}, 
year={2013}, 
month={June}, 
volume={20}, 
number={2}, 
pages={17-19}, 
keywords={embedded systems;operating systems (computers);robot programming;embedded ROS;high-level function;lower-level subsystem;robot design}, 
doi={10.1109/MRA.2013.2255491}, 
ISSN={1070-9932},}

@techreport{MULTITHREADZMQ,
title = {Multithreaded Magic with ØMQ},
author = {Hintjens, P and Sustrik, M},
year = {2010},
institution = {iMatrix Corporation},
month = {09},
Date-Added = {2010-09-01},
Date-Modified = {2010-09-01}
}

@techreport{ZMQTHEORY,
title = {ØMQ: The Theoretical Foundation},
author = {Sústrik, M},
year = {2011},
institution = {250bpm},
month = {09},
Date-Added = {2011-07-05},
}

@INPROCEEDINGS{ACHHUBO, 
author={Grey, M.X. and Dantam, N. and Lofaro, D.M. and Bobick, A. and Egerstedt, M. and Oh, P. and Stilman, M.}, 
booktitle={Technologies for Practical Robot Applications (TePRA), 2013 IEEE International Conference on}, 
title={Multi-process control software for HUBO2 Plus robot}, 
year={2013}, 
month={April}, 
pages={1-6}, 
keywords={control engineering computing;humanoid robots;software architecture;software reliability;HUBO2 plus robot;human-oriented environments;humanoid robot software development;humanoid robots;low-latency interprocess communication protocol;multiprocess control software;software architecture;software reliability;Hardware;Manipulators;Real-time systems;Reliability;Runtime;User interfaces}, 
doi={10.1109/TePRA.2013.6556374}, 
ISSN={2325-0526},}

@INPROCEEDINGS{UDPTCP, 
author={Dong Kwon Cho and Sang Hun Chun and Jeong Gyun Ahn and Yong Sik Kwon and Jong Hoon Eom and Young Il Kim}, 
booktitle={Robot Communication and Coordination, 2009. ROBOCOMM '09. Second International Conference on}, 
title={A UDP-based protocol for mobile robot control over wireless Internet}, 
year={2009}, 
month={March}, 
pages={1-4}, 
keywords={Internet;mobile radio;mobile robots;transport protocols;UDP protocol;User Datagram Protocol;base station;mobile robot control data;wireless Internet;Base stations;Data communication;Delay;Internet;Mobile robots;Propagation losses;Robot control;Traffic control;Transport protocols;Wireless application protocol},}

@INPROCEEDINGS{UDPMULTICAST, 
author={Vella, J. and Zammit, S.}, 
booktitle={Systems, Signals and Image Processing (IWSSIP), 2012 19th International Conference on}, 
title={Packet losses of multicast over 802.11N heterogeneous wireless local area network}, 
year={2012}, 
month={April}, 
pages={300-303}, 
keywords={multicast communication;packet radio networks;transmitting antennas;wireless LAN;802.11N heterogeneous wireless local area network;UDP packet traces;multicast transmission;packet losses;simplified Gilbert model;space diversity;transmit antennas;Aggregates;IEEE 802.11n Standard;Receivers;Transmitting antennas;Wireless communication;802.11n;MIMO;space diversity;spatial correlation;spatial expansion;wireless multicast}, 
ISSN={2157-8672},}

@ARTICLE{RAM, 
author={Dantam, N.T. and Lofaro, D.M. and Hereid, A. and Oh, P.Y. and Ames, A.D. and Stilman, M.}, 
journal={Robotics Automation Magazine, IEEE}, 
title={The Ach Library: A New Framework for Real-Time Communication}, 
year={2015}, 
month={March}, 
volume={22}, 
number={1}, 
pages={76-85}, 
keywords={control engineering computing;humanoid robots;software libraries;Ach library;IPC library;humanoid robot;interprocess communication library;multiprocess software design;real-time communication;Disasters;Emergency services;Mobile robots;Real-time systems;Safety;Software development}, 
doi={10.1109/MRA.2014.2356937}, 
ISSN={1070-9932},}

@INPROCEEDINGS{HUBO2, 
author={Grey, M.X. and Dantam, N. and Lofaro, D.M. and Bobick, A. and Egerstedt, M. and Oh, P. and Stilman, M.}, 
booktitle={Technologies for Practical Robot Applications (TePRA), 2013 IEEE International Conference on}, 
title={Multi-process control software for HUBO2 Plus robot}, 
year={2013}, 
month={April}, 
pages={1-6}, 
keywords={control engineering computing;humanoid robots;software architecture;software reliability;HUBO2 plus robot;human-oriented environments;humanoid robot software development;humanoid robots;low-latency interprocess communication protocol;multiprocess control software;software architecture;software reliability;Hardware;Manipulators;Real-time systems;Reliability;Runtime;User interfaces}, 
doi={10.1109/TePRA.2013.6556374}, 
ISSN={2325-0526},}

@INPROCEEDINGS{SEAR, 
author={Harris, A.C. and Conrad, J.M.}, 
booktitle={Southeastcon, 2013 Proceedings of IEEE}, 
title={Improving and designing sensors for the Simulation Environment for Autonomous Robots (SEAR)}, 
year={2013}, 
month={April}, 
pages={1-5}, 
keywords={control engineering computing;digital simulation;middleware;mobile robots;operating systems (computers);optical radar;sensors;3D capabilities;Java;LIDAR;SEAR;TCP messages;UDP messages;compass sensor;control robotics simulations;light detection-and-ranging class;magnetic declination calculations;middleware;platform agnostic 3D robotics simulator;robot latitude;robot longitude;robot operating system;sensor design;sensor improvement;simulation environment-for-autonomous robots;Compass;Laser radar;Magnetic sensors;Magnetometers;Robot sensing systems;Environment;Java;LIDAR;Middleware;MyRobotLab;ROS;Robot Operating System;Robotics;Simulation;Simulator;Ultrasonic}, 
doi={10.1109/SECON.2013.6567449}, 
ISSN={1091-0050},}

@INPROCEEDINGS{IPCS, 
author={Shakhimardanov, Azamat and Hochgeschwender, Nico and Reckhaus, Michael and Kraetzschmar, Gerhard K.}, 
booktitle={Intelligent Robots and Systems (IROS), 2011 IEEE/RSJ International Conference on}, 
title={Analysis of software connectors in robotics}, 
year={2011}, 
month={Sept}, 
pages={1030-1035}, 
keywords={Periodic structures;Robots;Software}, 
doi={10.1109/IROS.2011.6095183}, 
ISSN={2153-0858},}

@ARTICLE{ROSGOOD, 
author={Cousins, S.}, 
journal={Robotics Automation Magazine, IEEE}, 
title={Is ROS Good for Robotics? [ROS Topics]}, 
year={2012}, 
month={June}, 
volume={19}, 
number={2}, 
pages={13-14}, 
keywords={Open source software;Operating systems;Robot sensing systems;Service robots}, 
doi={10.1109/MRA.2012.2193935}, 
ISSN={1070-9932},}
